@Article{Vedmedenko2022,
  author    = {Vedmedenko, Elena Y. and Wiesendanger, Roland},
  journal   = {Scientific Reports},
  title     = {Spin revolution breaks time reversal symmetry of rolling magnets},
  year      = {2022},
  issn      = {2045-2322},
  month     = aug,
  number    = {1},
  volume    = {12},
  doi       = {10.1038/s41598-022-17766-z},
  publisher = {Springer Science and Business Media LLC},
}

@Article{Iida1963,
  author    = {Iida, S.},
  journal   = {Journal of Physics and Chemistry of Solids},
  title     = {The difference between gilbert’s and landau-lifshitz’s equations},
  year      = {1963},
  issn      = {0022-3697},
  month     = may,
  number    = {5},
  pages     = {625--630},
  volume    = {24},
  doi       = {10.1016/s0022-3697(63)80004-9},
  publisher = {Elsevier BV},
}

@Article{Gilbert2004,
  author    = {Gilbert, T.L.},
  journal   = {IEEE Transactions on Magnetics},
  title     = {Classics in Magnetics A Phenomenological Theory of Damping in Ferromagnetic Materials},
  year      = {2004},
  issn      = {0018-9464},
  month     = nov,
  number    = {6},
  pages     = {3443--3449},
  volume    = {40},
  doi       = {10.1109/tmag.2004.836740},
  publisher = {Institute of Electrical and Electronics Engineers (IEEE)},
}

@Article{Thiele1973,
  author    = {Thiele, A. A.},
  journal   = {Physical Review Letters},
  title     = {Steady-State Motion of Magnetic Domains},
  year      = {1973},
  issn      = {0031-9007},
  month     = feb,
  number    = {6},
  pages     = {230--233},
  volume    = {30},
  doi       = {10.1103/physrevlett.30.230},
  publisher = {American Physical Society (APS)},
}

@Book{Arnold1989,
  author    = {Arnold, V. I.},
  publisher = {Springer New York},
  title     = {Mathematical Methods of Classical Mechanics},
  year      = {1989},
  isbn      = {9781475720631},
  doi       = {10.1007/978-1-4757-2063-1},
  issn      = {0072-5285},
  journal   = {Graduate Texts in Mathematics},
}

@Book{Goldstein2014,
  author    = {Goldstein, Herbert},
  editor    = {John L. Safko and Charles P. Poole},
  publisher = {Pearson},
  title     = {Classical mechanics},
  year      = {2014},
  address   = {Harlow, England},
  edition   = {Third, Pearson new international edition.},
  isbn      = {9781292038933},
  note      = {Description based on print version record.},
  pagetotal = {1638},
  ppn_gvk   = {1737735067},
}

@Book{Jackson2021,
  author    = {Jackson, John David},
  publisher = {Wiley},
  title     = {Classical electrodynamics},
  year      = {2021},
  address   = {Hoboken, NY},
  edition   = {Third edition, international adaptation},
  isbn      = {9781119770763},
  note      = {Literaturangaben},
  pagetotal = {811},
  ppn_gvk   = {1824128770},
}

@Comment{jabref-meta: databaseType:bibtex;}
